<?xml version="1.0" encoding="UTF-8"?><collection xmlns="http://www.loc.gov/MARC21/slim"><record><leader>00502nam--2200181-i-4500</leader><controlfield tag="001">000022056</controlfield><controlfield tag="002">20161230</controlfield><controlfield tag="005">20170205212900</controlfield><controlfield tag="008">060222s1000------------r-----000-0-eng-d</controlfield><datafield ind1=" " ind2=" " tag="080"><subfield code="a">621.382.3</subfield></datafield><datafield ind1=" " ind2=" " tag="100"><subfield code="a">Gibbons, J. F</subfield></datafield><datafield ind1=" " ind2=" " tag="245"><subfield code="a">Transistors and active circuits</subfield></datafield><datafield ind1=" " ind2=" " tag="260"><subfield code="a">New York</subfield><subfield code="b">Mcgraw-Hill Book Comp.,Inc</subfield><subfield code="c">1961</subfield></datafield><datafield ind1=" " ind2=" " tag="300"><subfield code="a">XV+515 p</subfield></datafield><datafield ind1=" " ind2=" " tag="490"><subfield code="a">Mcgraw-Hill Electrical And Electronic Engineering Series</subfield></datafield><datafield ind1=" " ind2=" " tag="700"><subfield code="a">Linvill, John G</subfield></datafield><datafield ind1=" " ind2=" " tag="852"><subfield code="a">17064</subfield></datafield><datafield ind1=" " ind2=" " tag="CAT"><subfield code="a">SYS</subfield><subfield code="c">20170205</subfield><subfield code="h">212900</subfield></datafield></record></collection>